@article{projectcode,
  title =  {{The NFActor Project}},
  month = {\texttt{http://github.com/sigcomm17p44/nfactor}},
  year = 2017
}

@article{nfv_whitepaper,
	Title = {{Network Functions Virtualization - White Paper}},
	Year = {https://portal.etsi.org/NFV/NFV\_White\_Paper2.pdf}
}

@inproceedings{simplifying,
  title={{SIMPLE-fying Middlebox Policy Enforcement Using SDN}},
  author={Zafar Ayyub Qazi and Cheng-Chun Tu and Luis Chiang and Rui Miao and Vyas Sekar and Minlan Yu},
  booktitle={Proc.~of ACM SIGCOMM},
  year={2013}
}


@inproceedings{StandardAPI,
  title={{A Standardized Southbound API for VNF Management}},
  author={Junaid Khalid and Aaron Gember-Jacobson and Mark Coatsworth and Aditya Akella},
  booktitle={Proc.~of the 2016 ACM SIGCOMM Workshop on Hot Topics in Middleboxes and Network Function Virtualization (HotMiddlebox'16)},
  year={2016}
}


@inproceedings{AnalysisActor,
  title={{Big Data Analysis using Distributed Actors Framework}},
  author={Sanjeev Mohindra and Daniel Hook and Andrew Prout and Ai-Hoa Sanh and An Tran and Charles Yee},
  booktitle={Proc.~of the 2013 IEEE High Performance Extreme Computing Conference (HPEC)},
  year={2013}
}


@inproceedings{EnablingNF,
  title={{Enabling End-host Network Functions}},
  author={Hitesh Ballani and Paolo Costa and Christos Gkantsidis and Matthew P. Grosvenor and Thomas Karagiannis and Lazaros Koromilas and Greg O'Shea},
  booktitle={Proc.~of ACM SIGCOMM},
  year={2015}
}


@inproceedings{palkar2015e2,
  title={{E2: a Framework for NFV Applications}},
  author={Palkar, Shoumik and Lan, Chang and Han, Sangjin and Jang, Keon and Panda, Aurojit and Ratnasamy, Sylvia and Rizzo, Luigi and Shenker, Scott},
  booktitle={Proc.~of the 25th Symposium on Operating Systems Principles (SOSP'15)},
  year={2015}
}

@techreport{gember2012stratos,
  title={{Stratos: Virtual Middleboxes as First-class Entities}},
  author={Gember, Aaron and Grandl, Robert and Anand, Ashok and Benson, Theophilus and Akella, Aditya},
  month={UW-Madison},
  year={2012}
}

@inproceedings{gember2015opennf,
  title={{OpenNF: Enabling Innovation in Network Function Control}},
  author={Gember-Jacobson, Aaron and Viswanathan, Raajay and Prakash, Chaithan and Grandl, Robert and Khalid, Junaid and Das, Sourav and Akella, Aditya},
  booktitle={Proc.~of ACM SIGCOMM},
  year={2014}
}


@techreport{Han:EECS-2015-155,
    Author = {Han, Sangjin and Jang, Keon and Panda, Aurojit and Palkar, Shoumik and Han, Dongsu and Ratnasamy, Sylvia},
    Title = {{SoftNIC: A Software NIC to Augment Hardware}},
    Institution = {EECS Department, University of California, Berkeley},
    Year = {2015}
    }

@inproceedings{sekar2012design,
  title={{Design and Implementation of a Consolidated Middlebox Architecture}},
  author={Sekar, Vyas and Egi, Norbert and Ratnasamy, Sylvia and Reiter, Michael K and Shi, Guangyu},
  booktitle={Proc.~of the 9th USENIX Symposium on Networked Systems Design and Implementation (NSDI'12)},
  year={2012}
}

@inproceedings{bremler2015openbox,
  title={{OpenBox: Enabling Innovation in Middlebox Applications}},
  author={Bremler-Barr, Anat and Harchol, Yotam and Hay, David},
  booktitle={Proc~of the 2015 ACM SIGCOMM Workshop on Hot Topics in Middleboxes and Network Function Virtualization (HotMiddlebox'15)},
  year={2015}
}

@inproceedings{OpenBox,
  title={{OpenBox: A Software-Defined Framework for Developing, Deploying, and Managing Network Functions}},
  author={Bremler-Barr, Anat and Harchol, Yotam and Hay, David},
  booktitle={Proc.~of ACM SIGCOMM},
  year={2016}
}


@inproceedings{khalid2016paving,
  title={{Paving the Way for NFV: Simplifying Middlebox Modifications Using StateAlyzr}},
  author={Khalid, Junaid and Gember-Jacobson, Aaron and Michael, Roney and Abhashkumar, Anubhavnidhi and Akella, Aditya},
  booktitle={Proc.~of the 13th USENIX Symposium on Networked Systems Design and Implementation (NSDI'16)},
  year={2016}
}

@inproceedings{sherry2015rollback,
  title={{Rollback-Recovery for Middleboxes}},
  author={Sherry, Justine and Gao, Peter Xiang and Basu, Soumya and Panda, Aurojit and Krishnamurthy, Arvind and Maciocco, Christian and Manesh, Maziar and Martins, Jo{\~a}o and Ratnasamy, Sylvia and Rizzo, Luigi and others},
  booktitle={Proc.~of SIGCOMM},
  year={2015}
}

@inproceedings{anderson2012xomb,
  title={{xOMB: Extensible Open Middleboxes with Commodity Servers}},
  author={Anderson, James W and Braud, Ryan and Kapoor, Rishi and Porter, George and Vahdat, Amin},
  booktitle={Proc.~of the eighth ACM/IEEE symposium on Architectures for networking and communications systems (ANCS'12)},
  year={2012}
}

@inproceedings{zhang2016opennetvm,
  title={{OpenNetVM: A Platform for High Performance Network Service Chains}},
  author={Zhang, Wei and Liu, Guyue and Zhang, Wenhui and Shah, Neel and Lopreiato, Phil and Todeschi, Gregoire and Ramakrishnan, KK and Wood, Timothy},
  booktitle={Proc.~of the 2016 ACM SIGCOMM Workshop on Hot Topics in Middleboxes and Network Function Virtualization (HotMiddlebox'16)},
  year={2016}
}

@inproceedings{rajagopalan2013split,
  title={{Split/Merge: System Support for Elastic Execution in Virtual Middleboxes}},
  author={Rajagopalan, Shriram and Williams, Dan and Jamjoom, Hani and Warfield, Andrew},
  booktitle={Proc.~of the 10th USENIX Symposium on Networked Systems Design and Implementation (NSDI'13)},
  year={2013}
}

@inproceedings{rajagopalan2013pico,
  title={{Pico Replication: A High Availability Framework for Middleboxes}},
  author={Rajagopalan, Shriram and Williams, Dan and Jamjoom, Hani},
  booktitle={Proc.~of the 4th Annual Symposium on Cloud Computing (SOCC'13)},
  year={2013}
}

@article{kohler2000click,
  title={{The Click modular router}},
  author={Kohler, Eddie and Morris, Robert and Chen, Benjie and Jannotti, John and Kaashoek, M Frans},
  journal={ACM Transactions on Computer Systems (TOCS)},
  volume={18},
  number={3},
  pages={263--297},
  year={2000}
}

@article{hwang2015netvm,
  title={{NetVM: High Performance and Flexible Networking Using Virtualization on Commodity Platforms}},
  author={Hwang, Jinho and Ramakrishnan, KK and Wood, Timothy},
  journal={IEEE Transactions on Network and Service Management},
  volume={12},
  number={1},
  pages={34--47},
  year={2015}
}


@inproceedings{decandia2007dynamo,
  title={{Dynamo: Aamazon's Highly Available Key-value Store}},
  author={DeCandia, Giuseppe and Hastorun, Deniz and Jampani, Madan and Kakulapati, Gunavardhan and Lakshman, Avinash and Pilchin, Alex and Sivasubramanian, Swaminathan and Vosshall, Peter and Vogels, Werner},
  booktitle={Proc.~of the 21st ACM SIGOPS symposium on Operating systems principles (SOSP'07)},
  year={2007}
}


@article{chs-rapc-16,
  author = {Dominik Charousset and Raphael Hiesgen and Thomas C. Schmidt},
  title = {{Revisiting Actor Programming in C++}},
  journal = {Computer Languages, Systems \& Structures},
  volume = {45},
  year = {2016},
  month = "April",
  pages = {105--131}
}

@inproceedings{pfaff2015design,
  title={{The Design and Implementation of Open vSwitch}},
  author={Pfaff, Ben and Pettit, Justin and Koponen, Teemu and Jackson, Ethan and Zhou, Andy and Rajahalme, Jarno and Gross, Jesse and Wang, Alex and Stringer, Joe and Shelar, Pravin and others},
  booktitle={Proc.~of the 12th USENIX symposium on Networked Systems Design and Implementation (NSDI'15)},
  year={2015}
}

@inproceedings{martins2014clickos,
  title={{ClickOS and the Art of Network Function Virtualization}},
  author={Martins, Joao and Ahmed, Mohamed and Raiciu, Costin and Olteanu, Vladimir and Honda, Michio and Bifulco, Roberto and Huici, Felipe},
  booktitle={Proc.~of the 11th USENIX Conference on Networked Systems Design and Implementation (NSDI'14)},
  year={2014}
}

@article{mckeown2008openflow,
  title={{OpenFlow: Enabling Innovation in Campus Networks}},
  author={McKeown, Nick and Anderson, Tom and Balakrishnan, Hari and Parulkar, Guru and Peterson, Larry and Rexford, Jennifer and Shenker, Scott and Turner, Jonathan},
  journal={ACM SIGCOMM Computer Communication Review},
  volume={38},
  number={2},
  pages={69--74},
  year={2008}
}

@inproceedings{zhou2013scalable,
  title={{Scalable, High Performance Ethernet Forwarding with CuckooSwitch}},
  author={Zhou, Dong and Fan, Bin and Lim, Hyeontaek and Kaminsky, Michael and Andersen, David G},
  booktitle={Proc.~of the Ninth ACM conference on emerging Networking EXperiments and Technologies (CoNEXT'13)},
  year={2013}
}

@inproceedings{pagh2001cuckoo,
  title={{Cuckoo Hashing}},
  author={Pagh, Rasmus and Rodler, Flemming Friche},
  booktitle={Proc.~of the 9th Annual European Symposium on Algorithms},
  year={2001}
}

@inproceedings{chandra2007paxos,
  title={{Paxos Made live: an Engineering Perspective}},
  author={Chandra, Tushar D and Griesemer, Robert and Redstone, Joshua},
  booktitle={Proc.~of the twenty-sixth annual ACM symposium on Principles of distributed computing (PODC'07)},
  year={2007}
}

@inproceedings {199352,
author = {Aurojit Panda and Sangjin Han and Keon Jang and Melvin Walls and Sylvia Ratnasamy and Scott Shenker},
title = {{NetBricks: Taking the V out of NFV}},
booktitle = {Proc.~of the 12th USENIX Symposium on Operating Systems Design and Implementation (OSDI'16)},
year = {2016}
}

@inproceedings{litton2016light,
  title={{Light-Weight Contexts: An OS Abstraction for Safety and Performance}},
  author={Litton, James and Vahldiek-Oberwagner, Anjo and Elnikety, Eslam and Garg, Deepak and Bhattacharjee, Bobby and Druschel, Peter},
  booktitle={Proc.~of the 12th USENIX Symposium on Operating Systems Design and Implementation (OSDI'16)},
  year={2016}
}

@inproceedings{newell2016optimizing,
  title={{Optimizing Distributed Actor Systems for Dynamic Interactive Services}},
  author={Newell, Andrew and Kliot, Gabriel and Menache, Ishai and Gopalan, Aditya and Akiyama, Soramichi and Silberstein, Mark},
  booktitle={Proc.~of the Eleventh European Conference on Computer Systems (EuroSys'16)},
  year={2016}
}

@inproceedings{hunt2010zookeeper,
  title={ZooKeeper: Wait-free Coordination for Internet-scale Systems.},
  author={Hunt, Patrick and Konar, Mahadev and Junqueira, Flavio Paiva and Reed, Benjamin},
  booktitle={Proc.~of the USENIX Annual Technical Conference (ATC '10)},
  year={2010}
}

@inproceedings{zhang2016flurries,
  title={Flurries: Countless Fine-Grained NFs for Flexible Per-Flow Customization},
  author={Zhang, Wei and Hwang, Jinho and Rajagopalan, Shriram and Ramakrishnan, KK and Wood, Timothy},
  booktitle={Proc.~of the 12th International on Conference on emerging Networking EXperiments and Technologies (CoNEXT '16)},
  year={2016}
}

@inproceedings{jeong2014mtcp,
  title={mTCP: a Highly Scalable User-level TCP Stack for Multicore Systems.},
  author={Jeong, EunYoung and Woo, Shinae and Jamshed, Muhammad Asim and Jeong, Haewon and Ihm, Sunghwan and Han, Dongsu and Park, KyoungSoo},
  booktitle={Proc.~of the 11th USENIX Conference on Networked Systems Design and Implementation (NSDI'14)},
  year={2014}
}

@inproceedings{wischik2011design,
  title={Design, Implementation and Evaluation of Congestion Control for Multipath TCP.},
  author={Wischik, Damon and Raiciu, Costin and Greenhalgh, Adam and Handley, Mark},
  booktitle={Proc.~of the 8th USENIX Conference on Networked Systems Design and Implementation (NSDI'11)},
  year={2011}
}


@misc{dpdk,
title = {{Intel Data Plane Development Kit}},
howpublished = {\url{http://dpdk.org/}}
}

@misc{netmap,
title = {{Netmap}},
howpublished = {\url{info.iet.unipi.it/~luigi/netmap/}}
}

@misc{bess,
title = {{BESS: Berkeley Extensible Software Switch}},
howpublished = {\url{https://github.com/NetSys/bess}}
}

@misc{actor-wiki,
title = {{Actor Modle}},
howpublished = {\url{https://en.wikipedia.org/wiki/Actor_model}}
}

@misc{actor-persistence,
title = {{Actor Persistence}},
howpublished = {\url{http://doc.akka.io/docs/akka/snapshot/scala/persistence.html}}
}

@misc{akka,
title = {{Scala Akka}},
howpublished = {\url{akka.io/}}
}

@misc{erlang,
title = {{Erlang}},
howpublished = {\url{https://www.erlang.org/}}
}

@misc{Orleans,
title = {{Orleans}},
howpublished = {\url{research.microsoft.com/en-us/projects/orleans/}}
}

@misc{caf,
title = {{C++ Actor Framework}},
howpublished = {\url{http://actor-framework.org/}}
}

@misc{http-keep-alive,
title = {{HTTP Keep Alive}},
howpublished = {\url{https://en.wikipedia.org/wiki/HTTP_persistent_connection}}
}

@misc{ffmpeg,
title = {{FFMPEG}},
howpublished = {\url{https://ffmpeg.org/}}
}

@misc{ftp,
title = {{FTP}},
howpublished = {\url{https://en.wikipedia.org/wiki/File_Transfer_Protocol}}
}

@misc{bro,
title = {{Bro}},
howpublished = {\url{https://www.bro.org/}}
}

@misc{firewall,
title = {{iptables}},
howpublished = {\url{https://en.wikipedia.org/wiki/Iptables}}
}

@misc{lvs,
title = {{Linux Virtual Server}},
howpublished = {\url{www.linuxvirtualserver.org/}}
}

@misc{squid,
title = {{Squid Caching Proxy}},
howpublished = {\url{www.squid-cache.org/}}
}

@misc{blizzard,
title = {{Blizzard Entertainment}},
howpublished = {\url{blizzard.com/}}
}

@misc{groupon,
title = {{Groupon}},
howpublished = {\url{https://www.groupon.com/}}
}

@misc{nfv-white-paper,
title = {{NFV White Paper}},
howpublished = {\url{https://portal.etsi.org/nfv/nfv_white_paper.pdf}}
}

@misc{criu,
title = {{CRIU}},
howpublished = {\url{https://criu.org/Main_Page}}
}

@misc{grpc,
title = {{GRPC}},
howpublished = {\url{http://www.grpc.io/}}
}

@misc{rss,
title = {{Receiver Side Scaling}},
howpublished = {\url{https://www.kernel.org/doc/Documentation/networking/scaling.txt}}
}

@misc{docker,
title = {{Docker Container}},
howpublished = {\url{https://www.docker.com/}}
}

@misc{snort,
title = {{Snort IDS}},
howpublished = {\url{https://www.snort.org/}}
}
