@inproceedings{vanjacobson,
  author = "Van Jacobson and Michael J. Karels",
  title = "Congestion Avoidance and Control",
  booktitle = "In Proceedings of the Sigcomm '88 Symposium",
  address = "Stanford, CA",
  month = aug,
  year = 1988
}

@inproceedings{han2010packetshader,
  title={PacketShader: a GPU-accelerated software router},
  author={Han, Sangjin and Jang, Keon and Park, KyoungSoo and Moon, Sue},
  booktitle={ACM SIGCOMM Computer Communication Review},
  volume={40},
  number={4},
  pages={195--206},
  year={2010},
  organization={ACM}
}

@inproceedings{kalia2015raising,
  title={Raising the Bar for Using GPUs in Software Packet Processing.},
  author={Kalia, Anuj and Zhou, Dong and Kaminsky, Michael and Andersen, David G},
  booktitle={NSDI},
  pages={409--423},
  year={2015}
}

@inproceedings{sun2013fast,
  title={Fast and flexible: Parallel packet processing with GPUs and Click},
  author={Sun, Weibin and Ricci, Robert},
  booktitle={Proceedings of the ninth ACM/IEEE symposium on Architectures for networking and communications systems},
  pages={25--36},
  year={2013},
  organization={IEEE Press}
}

@inproceedings{kang2011scalable,
  title={Scalable packet classification via GPU metaprogramming},
  author={Kang, Kang and Deng, Yangdong Steve},
  booktitle={Design, Automation \& Test in Europe Conference \& Exhibition (DATE), 2011},
  pages={1--4},
  year={2011},
  organization={IEEE}
}

@inproceedings{kim2014gpunet,
  title={GPUnet: Networking Abstractions for GPU Programs.},
  author={Kim, Sangman and Huh, Seonggu and Zhang, Xinya and Hu, Yige and Wated, Amir and Witchel, Emmett and Silberstein, Mark},
  booktitle={OSDI},
  volume={14},
  pages={6--8},
  year={2014}
}

@inproceedings{tseng2016exploiting,
  title={Exploiting integrated GPUs for network packet processing workloads},
  author={Tseng, Janet and Wang, Ren and Tsai, James and Edupuganti, Saikrishna and Min, Alexander W and Woo, Shinae and Junkins, Stephen and Tai, Tsung-Yuan Charlie},
  booktitle={NetSoft Conference and Workshops (NetSoft), 2016 IEEE},
  pages={161--165},
  year={2016},
  organization={IEEE}
}


@misc{etsi2012network,
  title={Network functions virtualization, white paper},
  author={ETSI, NFVISG},
  journal={2012-10-20)[2015-02-14]. http://www. esti. org/technologies cluster/technologies/nfv},
  year={2012}
}

@article{fayaz2015new,
  title={A New Approach to DDoS Defense using SDN and NFV},
  author={Fayaz, Seyed K and Tobioka, Yoshiaki and Sekar, Vyas and Bailey, Michael},
  journal={arXiv preprint arXiv:1506.08501},
  year={2015}
}

@inproceedings{khalid2016standardized,
  title={A Standardized Southbound API for VNF Management},
  author={Khalid, Junaid and Coatsworth, Mark and Gember-Jacobson, Aaron and Akella, Aditya},
  booktitle={Proceedings of the 2016 workshop on Hot topics in Middleboxes and Network Function Virtualization},
  pages={38--43},
  year={2016},
  organization={ACM}
}

@inproceedings{ballani2015enabling,
  title={Enabling end-host network functions},
  author={Ballani, Hitesh and Costa, Paolo and Gkantsidis, Christos and Grosvenor, Matthew P and Karagiannis, Thomas and Koromilas, Lazaros and O'Shea, Greg},
  booktitle={ACM SIGCOMM Computer Communication Review},
  volume={45},
  number={4},
  pages={493--507},
  year={2015},
  organization={ACM}
}

@inproceedings{palkar2015e2,
  title={E2: a framework for NFV applications},
  author={Palkar, Shoumik and Lan, Chang and Han, Sangjin and Jang, Keon and Panda, Aurojit and Ratnasamy, Sylvia and Rizzo, Luigi and Shenker, Scott},
  booktitle={Proceedings of the 25th Symposium on Operating Systems Principles},
  pages={121--136},
  year={2015},
  organization={ACM}
}
@article{gember2012stratos,
  title={Stratos: Virtual middleboxes as first-class entities},
  author={Gember, Aaron and Grandl, Robert and Anand, Ashok and Benson, Theophilus and Akella, Aditya},
  journal={UW-Madison TR1771},
  pages={12},
  year={2012}
}
@article{gember2015opennf,
  title={OpenNF: Enabling innovation in network function control},
  author={Gember-Jacobson, Aaron and Viswanathan, Raajay and Prakash, Chaithan and Grandl, Robert and Khalid, Junaid and Das, Sourav and Akella, Aditya},
  journal={ACM SIGCOMM Computer Communication Review},
  volume={44},
  number={4},
  pages={163--174},
  year={2015},
  publisher={ACM}
}
@inproceedings{sekar2012design,
  title={Design and implementation of a consolidated middlebox architecture},
  author={Sekar, Vyas and Egi, Norbert and Ratnasamy, Sylvia and Reiter, Michael K and Shi, Guangyu},
  booktitle={Proceedings of the 9th USENIX conference on Networked Systems Design and Implementation},
  pages={24--24},
  year={2012},
  organization={USENIX Association}
}

@inproceedings{bremler2016openbox,
  title={OpenBox: a software-defined framework for developing, deploying, and managing network functions},
  author={Bremler-Barr, Anat and Harchol, Yotam and Hay, David},
  booktitle={Proceedings of the 2016 conference on ACM SIGCOMM 2016 Conference},
  pages={511--524},
  year={2016},
  organization={ACM}
}
@inproceedings{khalid2016paving,
  title={Paving the way for NFV: Simplifying middlebox modifications using StateAlyzr},
  author={Khalid, Junaid and Gember-Jacobson, Aaron and Michael, Roney and Abhashkumar, Anubhavnidhi and Akella, Aditya},
  booktitle={13th USENIX Symposium on Networked Systems Design and Implementation (NSDI 16)},
  pages={239--253},
  year={2016},
  organization={USENIX Association}
}
@inproceedings{sherry2015rollback,
  title={Rollback-recovery for middleboxes},
  author={Sherry, Justine and Gao, Peter Xiang and Basu, Soumya and Panda, Aurojit and Krishnamurthy, Arvind and Maciocco, Christian and Manesh, Maziar and Martins, Jo{\~a}o and Ratnasamy, Sylvia and Rizzo, Luigi and others},
  booktitle={ACM SIGCOMM Computer Communication Review},
  volume={45},
  number={4},
  pages={227--240},
  year={2015},
  organization={ACM}
}
@inproceedings{anderson2012xomb,
  title={xOMB: extensible open middleboxes with commodity servers},
  author={Anderson, James W and Braud, Ryan and Kapoor, Rishi and Porter, George and Vahdat, Amin},
  booktitle={Proceedings of the eighth ACM/IEEE symposium on Architectures for networking and communications systems},
  pages={49--60},
  year={2012},
  organization={ACM}
}
@inproceedings{zhang2016opennetvm,
  title={OpenNetVM: A platform for high performance network service chains},
  author={Zhang, Wei and Liu, Guyue and Zhang, Wenhui and Shah, Neel and Lopreiato, Phillip and Todeschi, Gregoire and Ramakrishnan, KK and Wood, Timothy},
  booktitle={Proceedings of the 2016 workshop on Hot topics in Middleboxes and Network Function Virtualization},
  pages={26--31},
  year={2016},
  organization={ACM}
}
@inproceedings{rajagopalan2013split,
  title={Split/Merge: System Support for Elastic Execution in Virtual Middleboxes.},
  author={Rajagopalan, Shriram and Williams, Dan and Jamjoom, Hani and Warfield, Andrew},
  booktitle={NSDI},
  volume={13},
  pages={227--240},
  year={2013}
}
@inproceedings{rajagopalan2013pico,
  title={Pico Replication: A high availability framework for middleboxes},
  author={Rajagopalan, Shriram and Williams, Dan and Jamjoom, Hani},
  booktitle={Proceedings of the 4th annual Symposium on Cloud Computing},
  pages={1},
  year={2013},
  organization={ACM}
}
@inproceedings{martins2014clickos,
  title={ClickOS and the art of network function virtualization},
  author={Martins, Joao and Ahmed, Mohamed and Raiciu, Costin and Olteanu, Vladimir and Honda, Michio and Bifulco, Roberto and Huici, Felipe},
  booktitle={Proceedings of the 11th USENIX Conference on Networked Systems Design and Implementation},
  pages={459--473},
  year={2014},
  organization={USENIX Association}
}

@inproceedings{panda2016netbricks,
  title={NetBricks: Taking the V out of NFV},
  author={Panda, Aurojit and Han, Sangjin and Jang, Keon and Walls, Melvin and Ratnasamy, Sylvia and Shenker, Scott},
  booktitle={12th USENIX Symposium on Operating Systems Design and Implementation (OSDI 16), USENIX OSDI},
  volume={16},
  year={2016}
}


@inproceedings{zhang2016flurries,
  title={Flurries: Countless Fine-Grained NFs for Flexible Per-Flow Customization},
  author={Zhang, Wei and Hwang, Jinho and Rajagopalan, Shriram and Ramakrishnan, KK and Wood, Timothy},
  booktitle={Proceedings of the 12th International on Conference on emerging Networking EXperiments and Technologies},
  pages={3--17},
  year={2016},
  organization={ACM}
}

@inproceedings{gember2015improving,
  title={Improving the safety, scalability, and efficiency of network function state transfers},
  author={Gember-Jacobson, Aaron and Akella, Aditya},
  booktitle={Proceedings of the 2015 ACM SIGCOMM Workshop on Hot Topics in Middleboxes and Network Function Virtualization},
  pages={43--48},
  year={2015},
  organization={ACM}
}


@inproceedings{sun2016sla,
  title={SLA-NFV: an SLA-aware High Performance Framework for Network Function Virtualization},
  author={Sun, Chen and Bi, Jun and Zheng, Zhilong and Hu, Hongxin},
  booktitle={Proceedings of the 2016 conference on ACM SIGCOMM 2016 Conference},
  pages={581--582},
  year={2016},
  organization={ACM}
}

@inproceedings{fan2015grep,
  title={Grep: Guaranteeing reliability with enhanced protection in NFV},
  author={Fan, Jingyuan and Ye, Zilong and Guan, Chaowen and Gao, Xiujiao and Ren, Kui and Qiao, Chunming},
  booktitle={Proceedings of the 2015 ACM SIGCOMM Workshop on Hot Topics in Middleboxes and Network Function Virtualization},
  pages={13--18},
  year={2015},
  organization={ACM}
}

@article{ge2015openanfv,
  title={Openanfv: Accelerating network function virtualization with a consolidated framework in openstack},
  author={Ge, Xiongzi and Liu, Yi and Du, David HC and Zhang, Liang and Guan, Hongguang and Chen, Jian and Zhao, Yuping and Hu, Xinyu},
  journal={ACM SIGCOMM Computer Communication Review},
  volume={44},
  number={4},
  pages={353--354},
  year={2015},
  publisher={ACM}
}

@misc{dpdk,
title = {{Data Plane Development Kit}},
howpublished = {\url{http://dpdk.org/}}
}